@book{Erhan2011probability,
  title={Probability and stochastics},
  author={{\c{C}}inlar, Erhan and E. {\dh}C{\i}nlar},
  volume={261},
  year={2011},
  publisher={Springer},
  url = {https://link.springer.com/book/10.1007/978-0-387-87859-1}
}

@book{durrett2019probability,
  title={Probability: theory and examples},
  author={Durrett, Rick},
  volume={49},
  year={2019},
  publisher={Cambridge university press},
  url = {https://services.math.duke.edu/~rtd/PTE/PTE5_011119.pdf}
}

@book{williams1991probability,
  title={Probability with martingales},
  author={Williams, David},
  year={1991},
  publisher={Cambridge university press},
  url = {https://www.cambridge.org/highereducation/books/probability-with-martingales/B4CFCE0D08930FB46C6E93E775503926#overview}
}
